@article{article2cite,
Abstract = {This study explores players’ fright reactions and coping strategies in an immersive virtual reality (VR) horror game. Based on Slater’s theory of virtual reality, two dimensions of fear elements in the VR game−the fear of place illusion (PI) and the plausibility illusion (PSI) −were identified by playing a virtual reality survival horror game with a sample of 145 students. Participants reported greater fear toward PSI elements than toward PI elements. Fear of PSI elements positively and strongly predicted disengagement coping strategies and overall fear. Among coping strategies, players mainly adopted approach strategies, followed by avoidance (disengagement and denial), and self-help strategies. A 'self-talk' strategy, newly identified in this study, has been reported as an effective means to cope with mediated threat in VR games. Regarding individual differences, sensation seeking and neuroticism influenced participants’ coping strategies and fear. Additionally, males and females em},
Author = {Lin, Jih-Hsuan Tammy},
ISSN = {0747-5632},
Journal = {Computers in Human Behavior},
Keywords = {Virtual reality game, Survival horror, Fear, Coping strategy, Personality, Plausibility illusion, 2017, Computer Games, Coping Behavior, Fear, Virtual Reality, Responses, 2017},
Pages = {350 - 361},
Title = {Fear in virtual reality (VR): Fear elements, coping reactions, immediate and next-day fright responses toward a survival horror zombie virtual reality game.},
Volume = {72},
URL = {http://libproxy.uml.edu/login?url=http://search.ebscohost.com/login.aspx?direct=true&db=psyh&AN=2017-19032-036&site=eds-live},
Year = {2017},
}