@article{article1cite,
	Abstract = {The article focuses on the effectiveness of virtual reality for stroke rehabilitation and addresses the question of whether virtual reality systems can be incorporated as part of or instead of usual rehabilitation programs for a person after stroke. It cites virtual relation as an emerging treatment option that appears well suited for stroke rehabilitation as they provide concurrent feedback, tailored to match a person's ability and motivate a person with stroke to achieve his therapy goals.},
	Author = {Yamato, Tiê P. and Pompeu, José E. and Pompeu, Sandra M. A. A. and Hassett, Leanne},
	ISSN = {0031-9023},
	Journal = {Physical Therapy},
	Keywords = {Stroke -- Rehabilitation, Virtual Reality -- Utilization, Physical Therapy -- Methods, Physical Therapy Practice, Evidence-Based, Cochrane Library, Treatment Outcomes, Aged, Male},
	Number = {10},
	Pages = {1508 - 1513},
	Title = {Virtual Reality for Stroke Rehabilitation.},
	Volume = {96},
	URL = {http://libproxy.uml.edu/login?url=http://search.ebscohost.com/login.aspx?direct=true&db=rzh&AN=118521016&site=eds-live},
	Year = {2016},
}