@article{marsCite,
Abstract = {In 2015, actor Matt Damon and director Ridley Scott renewed our fascination with the Red Planet in the science-fiction film The Martian, about the crew of the fictional Ares III [...]},
Author = {Moltenbrey, Karen},
ISSN = {0891-5628},
Journal = {Post},
Keywords = {Outer space -- Discovery and exploration, Gravity, Dust storms, Mars (Planet)},
Number = {9},
Pages = {34},
Title = {Gravitational pull: game artists use scientific data to re-create Mars for a compelling VR experience.},
URL = {https://umasslowell-idm-oclc-org.libproxy.uml.edu/login?url=http://search.ebscohost.com/login.aspx?direct=true&db=edsggo&AN=edsgcl.466616508&site=eds-live},
Year = {2016},
}