@article{audiologyCite,
Author = {Murphy, John},
ISSN = {0745-7472},
Journal = {Hearing Journal},
Keywords = {Virtual Reality -- Utilization, Sign Language, Interpreter Services, Translations, Mobile Applications, Motion Pictures, Vestibular Stimulation},
Number = {9},
Pages = {24 - 27},
Title = {Virtual Reality: The Next Frontier of Audiology.},
Volume = {70},
URL = {https://umasslowell-idm-oclc-org.libproxy.uml.edu/login?url=http://search.ebscohost.com/login.aspx?direct=true&db=rzh&AN=125448791&site=eds-live},
Year = {2017},
}