@article{article2cite,
Abstract = {VANCOUVER, British Columbia, June 6, 2017 /PRNewswire/ -- Researchers have recently confirmed that virtual reality headsets tend to cause a form of motion sickness known as VR sickness, which induces [...]},
Journal = {PR Newswire},
Keywords = {Motion sickness, Nausea, China},
Title = {EmeTerm(TM) Offers Solution to VR Motion Sickness.},
URL = {http://libproxy.uml.edu/login?url=http://search.ebscohost.com/login.aspx?direct=true&db=edsggo&AN=edsgcl.494506336&site=eds-live},
Year = {2017},
}