@article{article2cite,
Abstract = {An introduction is presented in which the editors discuss various articles within the issue on topics including human-computer interaction (HCI), the challenges in developing haptic user interfaces and a prototype toolkit for virtual reality and video games.},
Author = {Nam, Chang S. and Richard, Paul and Yamaguchi, Takehiko and Bahn, Sangwoo},
ISSN = {10447318},
Journal = {International Journal of Human-Computer Interaction},
Keywords = {Human-computer interaction, Haptic devices, Virtual reality},
Number = {11},
Pages = {839 - 841},
Title = {Does Touch Matter?: The Effects of Haptic Visualization on Human Performance, Behavior and Perception.},
Volume = {30},
URL = {http://libproxy.uml.edu/login?url=http://search.ebscohost.com/login.aspx?direct=true&db=bth&AN=98604879&site=eds-live},
Year = {2014},
}