@article{warReportingCite,
Abstract = {As a photojournalist, Karim Ben Khelifa has been on the frontlines of wars and international conflicts -- including in Iraq and Afghanistan -- observing and documenting them through his camera [...]},
Journal = {PRI's The World},
Keywords = {Virtual reality technology, Technology application, News photographers -- Works, Virtual reality -- Usage, War -- Media coverage, War -- Technology application, War -- Portrayals, United States},
Title = {Can virtual reality change how people respond to war reporting? One photojournalist is trying to find out.},
URL = {https://umasslowell-idm-oclc-org.libproxy.uml.edu/login?url=http://search.ebscohost.com/login.aspx?direct=true&db=edsglr&AN=edsgcl.515326533&site=eds-live},
Year = {2017},
}