@article{conundrumCite,
Abstract = {The article focuses on the launch of Facebook Live chat show Conundrums by magazine Slate where the host and the guests will be presented in virtual reality (VR) to the audiences. It tells about the talk show being launched in VR after being discussed with the social media platform Facebook as per product director David Stern from Slate. It speaks about the interviews in the VR being more exciting and appealing to the audience while encouraging interactions.},
Author = {Priestley, Jenny},
ISSN = {14614197},
Journal = {TVB Europe},
Keywords = {Television talk programs, Virtual reality, Social media, Television viewers, Stern, David, Facebook (Web resource)},
Pages = {46 - 48},
Title = {SLATE'S VIRTUAL CONUNDRUM.},
URL = {https://umasslowell-idm-oclc-org.libproxy.uml.edu/login?url=http://search.ebscohost.com/login.aspx?direct=true&db=bth&AN=125396388&site=eds-live},
Year = {2017},
}