@article{VRforWorkCite,
Abstract = {The article reports that augmented and virtual reality (AR and VR) can help transform and strengthen the safety industry by providing fully immersive and real-world scenarios and real-time information to workers who encounter both the routine and critical situations. The issues including Evolution of Safety Training and Real world Use Cases and Increasing Competency & Reducing Cost are discussed.},
Author = {Higgins, Vincent},
ISSN = {00990027},
Journal = {Professional Safety},
Keywords = {Industrial safety education, Industrial safety management, Industrial safety laws, Virtual reality, Augmented reality},
Number = {6},
Pages = {86 - 87},
Title = {Augmented & Virtual Reality: The Future of Work, Not Just Play.},
Volume = {62},
URL = {https://umasslowell-idm-oclc-org.libproxy.uml.edu/login?url=http://search.ebscohost.com/login.aspx?direct=true&db=bth&AN=123442551&site=eds-live},
Year = {2017},
}